@book{biggs2007teaching,
    author = {John Biggs and Catherine Tang},
    title = {Teaching for Quality Learning at the University},
    year = {2007},
    publisher = {Open University Press},
    address = {New York}
}

@techreport{kane2006certification,
    author = {Thomas J. Kane and Jonah E. Rockoff and Douglas O. Staiger},
    title = {What Does Certification Tell Us About Teacher Effectiveness? Evidence from New York    City},
    year = {2006},
    institution = {National Bureau of Economic Research},
    type = {Working Paper},
    number = {12155},
    address = {Cambridge, MA}
}

@article{smith2009simulation,
    author = {Marilyn Smith Stoner},
    title = {Using High-Fidelity Simulation to Educate Nursing Students About End-of-Life Care},
    journal = {Nursing Education Perspectives},
    volume = {30},
    number = {2},
    pages = {115--120},
    year = {2009}
}

@article{sarfraz2022viability,
    author = {Sarfraz, F. and Daka, H. and Zubair, A. and Sarfraz, F.},
    title = {The Viability of Blended Model in Undergraduate Medical Education in COVID-19 Pandemic},
    journal = {Pakistan Journal of Medical and Health Sciences},
    year = {2022}
}

@article{chickering1991development,
    author = {Chickering, A. W. and Gamson, Z. F.},
    title = {Development and Adaptations of the Seven Principles for Good Practice in Undergraduate Education},
    journal = {New Directions for Teaching and Learning},
    year = {1991},
    volume = {1991},
    pages = {75--81}
}

@book{swail2004art,
    author = {Swail, W. S.},
    title = {The Art of Student Retention: A Handbook for Practitioners and Administrators},
    year = {2004},
    publisher = {Educational Policy Institute},
    address = {Austin}
}

@article{daka2020exploration,
    author = {Daka, H. and Changwe, R.},
    title = {An Exploration of Education Quality in the Light of the Grade Point Average and Examination Attrition Rate},
    journal = {International Journal of Humanities Social Sciences and Education},
    year = {2020}
}

@article{gamage2022rethinking,
  author    = {Gamage, K. A. A. and Pradeep, R. G. G. R. and de Silva, E. K.},
  title     = {Rethinking Assessment: The Future of Examinations in Higher Education},
  journal   = {MDPI},
  year      = {2022}
}

@book{carter2013authentic,
  author    = {Carter, R. and Hogan, T.},
  title     = {Authentic Assessment in Higher Education},
  year      = {2013}
}

@article{graham1999practice,
  author    = {Graham, K.},
  title     = {The Role of Practice Quizzes in Academic Achievement},
  year      = {1999}
}

@book{tuckman1998benefits,
  author    = {Tuckman, B. W.},
  title     = {The Benefits of Frequent Assessment: Strategies for Higher Education},
  publisher = {Academic Press},
  year      = {1998}
}

@article{huxham2010oral,
  author    = {Huxham, M. and others},
  title     = {Oral versus Written Assessments: A Test of Student Performance and Attitudes},
  journal   = {Assessment \& Evaluation in Higher Education},
  year      = {2010}
}

@book{sambell2013assessment,
  author    = {Sambell, K. and McDowell, L. and Montgomery, C.},
  title     = {Assessment for Learning in Higher Education},
  publisher = {Routledge},
  year      = {2013}
}